<collection xmlns="http://www.loc.gov/MARC21/slim">
<record>
  <leader>01247nam0a22002651i 450 </leader>
  <controlfield tag="001">IT\ICCU\CNCE\037742</controlfield>
  <controlfield tag="005">20061009000000.0</controlfield>
  <datafield tag="012" ind1=" " ind2=" ">
    <subfield code="a">teno e.u- hero negl (C) 1544 (R)</subfield>
    <subfield code="2">fei</subfield>
  </datafield>
  <datafield tag="100" ind1=" " ind2=" ">
    <subfield code="a">19981021d1544        0itac0103    ba</subfield>
  </datafield>
  <datafield tag="101" ind1=" " ind2=" ">
    <subfield code="a">ITA</subfield>
  </datafield>
  <datafield tag="102" ind1=" " ind2=" ">
    <subfield code="a">IT</subfield>
  </datafield>
  <datafield tag="200" ind1="1" ind2=" ">
    <subfield code="a">℗Le ℗cose marauigliose della citt ̉di Roma con le reliquie, e con le indulgentie de di in di, che sono in tutte le chiese di essa tradotte di latino in volgare</subfield>
  </datafield>
  <datafield tag="210" ind1=" " ind2=" ">
    <subfield code="e">In Vinegia</subfield>
    <subfield code="g">per Guglielmo de Fontaneto</subfield>
    <subfield code="h">1544 adi 10 marzo</subfield>
  </datafield>
  <datafield tag="215" ind1=" " ind2=" ">
    <subfield code="a">\32! c.</subfield>
    <subfield code="d">8ʻ</subfield>
  </datafield>
  <datafield tag="500" ind1="1" ind2="1">
    <subfield code="3">IT\ICCU\CNCE\031012</subfield>
    <subfield code="a">Mirabilia Romae</subfield>
  </datafield>
  <datafield tag="620" ind1=" " ind2=" ">
    <subfield code="a">IT</subfield>
    <subfield code="d">Venezia</subfield>
  </datafield>
  <datafield tag="712" ind1="0" ind2="2">
    <subfield code="a">Guglielmo da Fontaneto</subfield>
    <subfield code="3">IT\ICCU\CNCT\000318</subfield>
    <subfield code="4">650</subfield>
  </datafield>
  <datafield tag="791" ind1="0" ind2="0">
    <subfield code="a">Fontaneto, Guglielmo da</subfield>
    <subfield code="3">IT\ICCU\CNCT\003159</subfield>
    <subfield code="z">Guglielmo da Fontaneto</subfield>
  </datafield>
  <datafield tag="791" ind1="0" ind2="2">
    <subfield code="a">Guglielmo da Monferrato</subfield>
    <subfield code="3">IT\ICCU\CNCT\003625</subfield>
    <subfield code="z">Guglielmo da Fontaneto</subfield>
  </datafield>
  <datafield tag="791" ind1="0" ind2="2">
    <subfield code="a">Gulielmus de Monteferrato</subfield>
    <subfield code="3">IT\ICCU\CNCT\005083</subfield>
    <subfield code="z">Guglielmo da Fontaneto</subfield>
  </datafield>
  <datafield tag="791" ind1="0" ind2="2">
    <subfield code="a">Guilielmus Fontanetensis</subfield>
    <subfield code="3">IT\ICCU\CNCT\005084</subfield>
    <subfield code="z">Guglielmo da Fontaneto</subfield>
  </datafield>
  <datafield tag="801" ind1=" " ind2="3">
    <subfield code="a">IT</subfield>
    <subfield code="b">ICCU</subfield>
    <subfield code="c">20201114</subfield>
  </datafield>
  <datafield tag="899" ind1=" " ind2=" ">
    <subfield code="a">Biblioteca Apostolica Vaticana. Citt ̉del Vaticano</subfield>
    <subfield code="1">EX0001</subfield>
    <subfield code="2">ZCV 01</subfield>
  </datafield>
  <datafield tag="899" ind1=" " ind2=" ">
    <subfield code="a">Biblioteca nazionale centrale. Roma</subfield>
    <subfield code="1">RM0267</subfield>
    <subfield code="2">BVE CR</subfield>
  </datafield>
  <datafield tag="899" ind1=" " ind2=" ">
    <subfield code="a">Biblioteca Hertziana. Roma</subfield>
    <subfield code="1">RM0724</subfield>
    <subfield code="2">ZRM 16</subfield>
  </datafield>
</record>
</collection>
